@article{gowthamrangarajan:2016,
author={Raman, Gowtham Rangarajan},
title={Newsextraction},
year={2016},
url={https://github.com/gowthamrang/WebNewsExtraction}
}



@inproceedings{peters2013content,
  title={Content extraction using diverse feature sets},
  author={Peters, Matthew E and Lecocq, Dan},
  booktitle={Proceedings of the 22nd international conference on World Wide Web companion},
  pages={89--90},
  year={2013},
  organization={International World Wide Web Conferences Steering Committee}
}
@inproceedings{baroni2008cleaneval,
  title={Cleaneval: a Competition for Cleaning Web Pages.},
  author={Baroni, Marco and Chantree, Francis and Kilgarriff, Adam and Sharoff, Serge}
}

@article{Dan:hybrid2013,
year={2015},
issn={0219-1377},
journal={Knowledge and Information Systems},
volume={42},
number={1},
doi={10.1007/s10115-013-0687-x},
title={},
url={},
publisher={Springer London},
keywords={Content extraction; Text density; Visual importance},
author={Song, Dandan and Sun, Fei and Liao, Lejian},
pages={75-96},
language={English}
}


@inproceedings{pinto2002quasm,
  title={QuASM: a system for question answering using semi-structured data},
  author={Pinto, David and Branstein, Michael and Coleman, Ryan and Croft, W Bruce and King, Matthew and Li, Wei and Wei, Xing},
  booktitle={Proceedings of the 2nd ACM/IEEE-CS joint conference on Digital libraries},
  pages={46--55},
  year={2002},
  organization={ACM}
}

@inproceedings{lin2002discovering,
  title={Discovering informative content blocks from Web documents},
  author={Lin, Shian-Hua and Ho, Jan-Ming},
  booktitle={Proceedings of the eighth ACM SIGKDD international conference on Knowledge discovery and data mining},
  pages={588--593},
  year={2002},
  organization={ACM}
}
@article{rahmanunderstanding,
  title={Understanding the Flow of Content in Summarizing HTML Documents},
  author={Rahman, AFR and Alam, H and Hartono, R}
}


@inproceedings{Gupta:2003:DCE:775152.775182,
 author = {Gupta, Suhit and Kaiser, Gail and Neistadt, David and Grimm, Peter},
 title = {DOM-based Content Extraction of HTML Documents},
 booktitle = {Proceedings of the 12th International Conference on World Wide Web},
 series = {WWW '03},
 year = {2003},
 isbn = {1-58113-680-3},
 location = {Budapest, Hungary},
 pages = {207--214},
 numpages = {8},
 url = {http://doi.acm.org/10.1145/775152.775182},
 doi = {10.1145/775152.775182},
 acmid = {775182},
 publisher = {ACM},
 address = {New York, NY, USA},
 keywords = {DOM trees, HTML documents, accessibility, content extraction, reformatting, speech rendering},
} 

@inproceedings{weninger2010cetr,
  title={CETR: content extraction via tag ratios},
  author={Weninger, Tim and Hsu, William H and Han, Jiawei},
  booktitle={Proceedings of the 19th international conference on World wide web},
  pages={971--980},
  year={2010},
  organization={ACM}
}
@inproceedings{weninger2008text,
  title={Text extraction from the web via text-to-tag ratio},
  author={Weninger, Tim and Hsu, William H},
  booktitle={Database and Expert Systems Application, 2008. DEXA'08. 19th International Workshop on},
  pages={23--28},
  year={2008},
  organization={IEEE}
}

@inproceedings{Kohlschutter:2010:BDU:1718487.1718542,
 author = {Kohlsch\"{u}tter, Christian and Fankhauser, Peter and Nejdl, Wolfgang},
 title = {Boilerplate Detection Using Shallow Text Features},
 booktitle = {Proceedings of the Third ACM International Conference on Web Search and Data Mining},
 series = {WSDM '10},
 year = {2010},
 isbn = {978-1-60558-889-6},
 location = {New York, New York, USA},
 pages = {441--450},
 numpages = {10},
 url = {http://doi.acm.org/10.1145/1718487.1718542},
 doi = {10.1145/1718487.1718542},
 acmid = {1718542},
 publisher = {ACM},
 address = {New York, NY, USA},
 keywords = {boilerplate removal, full-text extraction, template detection, text cleaning, web document modeling},
} 


@article{Adelberg:1998:NTS:276305.276330,
 author = {Adelberg, Brad},
 title = {NoDoSE\&Mdash;a Tool for Semi-automatically Extracting Structured and Semistructured Data from Text Documents},
 journal = {SIGMOD Rec.},
 issue_date = {June 1998},
 volume = {27},
 number = {2},
 month = jun,
 year = {1998},
 issn = {0163-5808},
 pages = {283--294},
 numpages = {12},
 url = {http://doi.acm.org/10.1145/276305.276330},
 doi = {10.1145/276305.276330},
 acmid = {276330},
 publisher = {ACM},
 address = {New York, NY, USA},
} 

@inproceedings{Chen:2006:TDL:1141277.1141534,
 author = {Chen, Liang and Ye, Shaozhi and Li, Xing},
 title = {Template Detection for Large Scale Search Engines},
 booktitle = {Proceedings of the 2006 ACM Symposium on Applied Computing},
 series = {SAC '06},
 year = {2006},
 isbn = {1-59593-108-2},
 location = {Dijon, France},
 pages = {1094--1098},
 numpages = {5},
 url = {http://doi.acm.org/10.1145/1141277.1141534},
 doi = {10.1145/1141277.1141534},
 acmid = {1141534},
 publisher = {ACM},
 address = {New York, NY, USA},
 keywords = {clustering, template detection, web page segmentation},
} 

@inproceedings{gottron2008content,
  title={Content Code Blurring: A New Approach to Content Extraction},
  author={Gottron, Thomas},
  booktitle={19th International Conference on Database and Expert Systems Application},
  pages={29--33},
  year={2008},
  organization={IEEE}
}


@inproceedings{Bar-Yossef:2002:TDV:511446.511522,
 author = {Bar-Yossef, Ziv and Rajagopalan, Sridhar},
 title = {Template Detection via Data Mining and Its Applications},
 booktitle = {Proceedings of the 11th International Conference on World Wide Web},
 series = {WWW '02},
 year = {2002},
 isbn = {1-58113-449-5},
 location = {Honolulu, Hawaii, USA},
 pages = {580--591},
 numpages = {12},
 url = {http://doi.acm.org/10.1145/511446.511522},
 doi = {10.1145/511446.511522},
 acmid = {511522},
 publisher = {ACM},
 address = {New York, NY, USA},
 keywords = {data mining, hypertext, information retrieval, web searching},
} 


@inproceedings{marek2007web,
  title={Web page cleaning with conditional random fields},
  author={Marek, Michal},
  year={2007}
}
@article{buyukkoktenaccordion,
  title={Accordion Summarization for End-Game Browsing on PDAs and Cellular Phones},
  author={Buyukkokten, Orkut and Garcia-Molina, Hector and Paepcke, Andreas}
}